<record><leader>00000cas a22000007a 4500</leader><controlfield tag="001">25575207</controlfield><controlfield tag="008">920402d19251929wyuwr ne      0    0eng d</controlfield><datafield ind1=" " ind2=" " tag="010"><subfield code="a">sn 92066974 </subfield></datafield><datafield ind1=" " ind2=" " tag="040"><subfield code="a">NVO</subfield><subfield code="b">eng</subfield><subfield code="c">NVO</subfield><subfield code="d">OCLCQ</subfield></datafield><datafield ind1=" " ind2=" " tag="042"><subfield code="a">msc</subfield></datafield><datafield ind1="0" ind2="0" tag="245"><subfield code="a">Torrington telegram-journal.</subfield></datafield><datafield ind1="1" ind2="3" tag="246"><subfield code="a">Torrington telegram</subfield></datafield><datafield ind1="1" ind2="3" tag="246"><subfield code="a">Torrington telegram and the Goshen County journal</subfield><subfield code="f">Jan. 14-Aug. 5, 1926</subfield></datafield><datafield ind1=" " ind2=" " tag="260"><subfield code="a">Torrington, Goshen County, Wyo. :</subfield><subfield code="b">L.P. Loomis</subfield></datafield><datafield ind1=" " ind2=" " tag="300"><subfield code="a">v.</subfield></datafield><datafield ind1=" " ind2=" " tag="310"><subfield code="a">Weekly</subfield></datafield><datafield ind1="0" ind2=" " tag="362"><subfield code="a">Vol. 18, no. 12 (Dec. 17, 1925)-v. 23, no. 1 (Sept. 26, 1929).</subfield></datafield><datafield ind1=" " ind2=" " tag="580"><subfield code="a">Called: The Torrington telegram and the Goshen County journal, Jan. 14-Aug. 5, 1926.</subfield></datafield><datafield ind1=" " ind2="4" tag="651"><subfield code="a">Torrington (Wyo.)</subfield><subfield code="v">Newspapers.</subfield></datafield><datafield ind1=" " ind2="4" tag="651"><subfield code="a">Goshen County (Wyo.)</subfield><subfield code="v">Newspapers.</subfield></datafield><datafield ind1=" " ind2=" " tag="752"><subfield code="a">United States</subfield><subfield code="b">Wyoming</subfield><subfield code="c">Goshen</subfield><subfield code="d">Torrington.</subfield></datafield><datafield ind1="0" ind2="4" tag="780"><subfield code="t">Torrington telegram (Torrington, Wyo. : 1907)</subfield><subfield code="w">(DLC)sn 92066973</subfield></datafield><datafield ind1="0" ind2="4" tag="780"><subfield code="t">Goshen County journal</subfield><subfield code="w">(DLC)sn 92066937</subfield></datafield><datafield ind1="0" ind2="0" tag="785"><subfield code="t">Torrington telegram and Goshen County journal</subfield><subfield code="w">(DLC)sn 92066975</subfield></datafield><datafield ind1="1" ind2=" " tag="029"><subfield code="a">AU@</subfield><subfield code="b">000020701630</subfield></datafield></record>